<record><leader>00000cas a22000007a 4500</leader><controlfield tag="001">11829179</controlfield><controlfield tag="008">850320d19431946utumr ne      0    0eng d</controlfield><datafield ind1=" " ind2=" " tag="010"><subfield code="a">sn 85058073 </subfield></datafield><datafield ind1=" " ind2=" " tag="040"><subfield code="a">UNP</subfield><subfield code="b">eng</subfield><subfield code="c">UNP</subfield><subfield code="d">UBY</subfield><subfield code="d">OCLCQ</subfield><subfield code="d">CRL</subfield><subfield code="d">OCLCO</subfield><subfield code="d">OCLCA</subfield></datafield><datafield ind1=" " ind2=" " tag="042"><subfield code="a">msc</subfield></datafield><datafield ind1=" " ind2=" " tag="043"><subfield code="a">n-us-ut</subfield></datafield><datafield ind1="0" ind2="4" tag="245"><subfield code="a">The Centerville newsette.</subfield></datafield><datafield ind1="1" ind2="3" tag="246"><subfield code="a">Centerville???</subfield><subfield code="f">&lt;Dec. 1943&gt;</subfield></datafield><datafield ind1=" " ind2=" " tag="260"><subfield code="a">Centerville, Utah :</subfield><subfield code="b">V.S. Harrison,</subfield><subfield code="c">1943-1946.</subfield></datafield><datafield ind1=" " ind2=" " tag="300"><subfield code="a">3 v. :</subfield><subfield code="b">ill.</subfield></datafield><datafield ind1=" " ind2=" " tag="310"><subfield code="a">Monthly</subfield></datafield><datafield ind1="0" ind2=" " tag="362"><subfield code="a">Vol. 1, no. 1, (Dec. 1943)-v. 3, no. 5 (Oct. 1946).</subfield></datafield><datafield ind1=" " ind2=" " tag="515"><subfield code="a">Suspended Apr.-Sept. 1946.</subfield></datafield><datafield ind1="2" ind2="0" tag="610"><subfield code="a">Church of Jesus Christ of Latter-day Saints.</subfield><subfield code="b">Centerville 1st Ward (Centerville, Utah)</subfield><subfield code="v">Periodicals.</subfield></datafield><datafield ind1=" " ind2="0" tag="651"><subfield code="a">Centerville (Utah)</subfield><subfield code="x">History</subfield><subfield code="v">Sources</subfield><subfield code="v">Periodicals.</subfield></datafield><datafield ind1=" " ind2=" " tag="752"><subfield code="a">United States</subfield><subfield code="b">Utah</subfield><subfield code="c">Davis</subfield><subfield code="d">Centerville.</subfield></datafield></record>